[gd_scene load_steps=6 format=3 uid="uid://bod83gh6holko"]

[ext_resource type="Script" path="res://gs_ecs_test/tests/test_groups.gd" id="1"]
[ext_resource type="PackedScene" uid="uid://xmwwl7nuvgsf" path="res://gs_ecs_test/entities/test_entity.tscn" id="2"]
[ext_resource type="Script" path="res://addons/gs_ecs/group.gd" id="3"]
[ext_resource type="PackedScene" uid="uid://cagoumh7soncl" path="res://gs_ecs_test/systems/test_rotating_system.tscn" id="4"]
[ext_resource type="PackedScene" path="res://gs_ecs_test/systems/test_moving_system.tscn" id="5"]

[node name="TestWorlds" type="Node"]
script = ExtResource("1")

[node name="Entities" type="Node" parent="."]

[node name="TestEntity1" parent="Entities" instance=ExtResource("2")]
position = Vector2(100, 100)

[node name="TestEntity2" parent="Entities" instance=ExtResource("2")]
position = Vector2(150, 150)

[node name="TestEntity3" parent="Entities" instance=ExtResource("2")]
position = Vector2(200, 200)

[node name="Groups" type="Node" parent="."]

[node name="RotatingGroup" type="Node" parent="Groups"]
script = ExtResource("3")

[node name="RotatingSystem" parent="Groups/RotatingGroup" instance=ExtResource("4")]

[node name="MovingGroup" type="Node" parent="Groups"]
script = ExtResource("3")

[node name="MovingSystem" parent="Groups/MovingGroup" instance=ExtResource("5")]

[node name="UI" type="CanvasLayer" parent="."]

[node name="VBoxContainer" type="VBoxContainer" parent="UI"]
anchors_preset = 1
anchor_left = 1.0
anchor_right = 1.0
offset_left = -1119.0
offset_top = 278.0
offset_right = -939.0
offset_bottom = 344.0
grow_horizontal = 0

[node name="Rotate" type="Button" parent="UI/VBoxContainer"]
layout_mode = 2
text = "ROTATE"

[node name="Move" type="Button" parent="UI/VBoxContainer"]
layout_mode = 2
text = "MOVE"

[connection signal="pressed" from="UI/VBoxContainer/Rotate" to="." method="_on_Rotate_pressed"]
[connection signal="pressed" from="UI/VBoxContainer/Move" to="." method="_on_Move_pressed"]
